@article{arnoldi,
  title={The principle of minimized iterations in the solution of the matrix eigenvalue problem},
  author={Arnoldi, Walter Edwin},
  journal={Quarterly of Applied Mathematics},
  volume={9},
  number={1},
  pages={17--29},
  year={1951}
}

@book{IntroMatrix,
  title={Introduction to matrix analysis},
  author={Bellman, Richard},
  year={1997},
  publisher={SIAM}
}

@article{Berland07,
  title={EXPINT---A MATLAB package for exponential integrators},
  author={Berland, H{\aa}vard and Skaflestad, B{\aa}rd and Wright, Will M},
  journal={ACM Transactions on Mathematical Software (TOMS)},
  volume={33},
  number={1},
  pages={4--es},
  year={2007},
  publisher={ACM New York, NY, USA}
}

@article{pope1963exponential,
  title={An exponential method of numerical integration of ordinary differential equations},
  author={Pope, David A},
  journal={Communications of the ACM},
  volume={6},
  number={8},
  pages={491--493},
  year={1963},
  publisher={ACM New York, NY, USA}
}

@inproceedings{delaCruz06,
  title={Local Linearization-Runge Kutta (LLRK) methods for solving ordinary differential equations},
  author={Cruz, H and Biscay, Rolando J and Carbonell, Felix and Jimenez, Juan Carlos and Ozaki, T},
  booktitle={International Conference on Computational Science},
  pages={132--139},
  year={2006},
  organization={Springer}
}

@article{Jimenez13,
  title={Local linearizationâ€”Runge--Kutta methods: a class of A-stable explicit integrators for dynamical systems},
  author={de la Cruz, Hugo and Biscay, Rolando J and Jimenez, Juan Carlos and Carbonell, Felix},
  journal={Mathematical and Computer Modelling},
  volume={57},
  number={3-4},
  pages={720--740},
  year={2013},
  publisher={Elsevier}
}

@article{Jimenez14AMC,
  title={Locally linearized runge kutta method of dormand and prince},
  author={Jim{\'e}nez, Juan C and Sotolongo, Alina and Sanchez-Bornot, Jose Miguel},
  journal={Applied Mathematics and Computation},
  volume={247},
  pages={589--606},
  year={2014},
  publisher={Elsevier}
}

@article{tokman2013comparative,
  title={Comparative performance of exponential, implicit, and explicit integrators for stiff systems of ODEs},
  author={Loffeld, John and Tokman, Mayya},
  journal={Journal of Computational and Applied Mathematics},
  volume={241},
  pages={45--67},
  year={2013},
  publisher={Elsevier}
}

@article{delaCruz07,
  title={A higher order local linearization method for solving ordinary differential equations},
  author={De la Cruz, Hugo and Biscay, Rolando J and Carbonell, Felix and Ozaki, T and Jimenez, Juan Carlos},
  journal={Applied Mathematics and Computation},
  volume={185},
  number={1},
  pages={197--212},
  year={2007},
  publisher={Elsevier}
}

@article{hochbruck2009exponential,
  title={Exponential Rosenbrock-type methods},
  author={Hochbruck, Marlis and Ostermann, Alexander and Schweitzer, Julia},
  journal={SIAM Journal on Numerical Analysis},
  volume={47},
  number={1},
  pages={786--803},
  year={2009},
  publisher={SIAM}
}

@article{hochbruck2011exponential,
  title={Exponential multistep methods of Adams-type},
  author={Hochbruck, Marlis and Ostermann, Alexander},
  journal={BIT Numerical Mathematics},
  volume={51},
  number={4},
  pages={889--908},
  year={2011},
  publisher={Springer}
}

@article{ozaki19852,
  title={Non-linear time series models and dynamical systems},
  author={Ozaki, Tohru},
  journal={Handbook of statistics},
  volume={5},
  pages={25--83},
  year={1985},
  publisher={Elsevier}
}

@article{ozaki1985statistical,
  title={Statistical identification of storage models with application to stochastic hydrology 1},
  author={Ozaki, Tohru},
  journal={JAWRA Journal of the American Water Resources Association},
  volume={21},
  number={4},
  pages={663--675},
  year={1985},
  publisher={Wiley Online Library}
}

@article{ozaki1993local,
  title={A local linearization approach to nonlinear filtering},
  author={Ozaki, Tohru},
  journal={International Journal of Control},
  volume={57},
  number={1},
  pages={75--96},
  year={1993},
  publisher={Taylor \& Francis}
}

@inproceedings{ozaki1994local,
  title={The local linearization filter with application to nonlinear system identifications},
  author={Ozaki, Tohru},
  booktitle={Proceedings of the first US/Japan conference on the frontiers of statistical modeling: an informational approach},
  pages={217--240},
  year={1994},
  organization={Springer}
}

@article{carbonell2005local,
  title={The local linearization method for numerical integration of random differential equations},
  author={Carbonell, F and Jimenez, JC and Biscay, RJ and De La Cruz, H},
  journal={BIT Numerical Mathematics},
  volume={45},
  number={1},
  pages={1--14},
  year={2005},
  publisher={Springer}
}

@article{jimenez2006local,
  title={Local linearization method for numerical integration of delay differential equations},
  author={Jim{\'e}nez, Juan C and Pedroso, LM and Carbonell, Felix and Hernandez, V},
  journal={SIAM Journal on Numerical Analysis},
  volume={44},
  number={6},
  pages={2584--2609},
  year={2006},
  publisher={SIAM}
}

@article{jentzen2009overcoming,
  title={Overcoming the order barrier in the numerical approximation of stochastic partial differential equations with additive space--time noise},
  author={Jentzen, Arnulf and Kloeden, Peter E},
  journal={Proceedings of the Royal Society A: Mathematical, Physical and Engineering Sciences},
  volume={465},
  number={2102},
  pages={649--667},
  year={2009},
  publisher={The Royal Society London}
}

@article{kloeden2011exponential,
  title={The exponential integrator scheme for stochastic partial differential equations: pathwise error bounds},
  author={Kloeden, Peter E and Lord, Gabriel J and Neuenkirch, Andreas and Shardlow, Tony},
  journal={Journal of Computational and Applied Mathematics},
  volume={235},
  number={5},
  pages={1245--1260},
  year={2011},
  publisher={Elsevier}
}

@article{sidje1998expokit,
  title={Expokit: A software package for computing matrix exponentials},
  author={Sidje, Roger B},
  journal={ACM Transactions on Mathematical Software (TOMS)},
  volume={24},
  number={1},
  pages={130--156},
  year={1998},
  publisher={ACM New York, NY, USA}
}



@article{tokman2006efficient,
  title={Efficient integration of large stiff systems of ODEs with exponential propagation iterative (EPI) methods},
  author={Tokman, Mayya},
  journal={Journal of Computational Physics},
  volume={213},
  number={2},
  pages={748--776},
  year={2006},
  publisher={Elsevier}
}


@article{Jimenez05AMC,
  title={Rate of convergence of local linearization schemes for initial-value problems},
  author={Jim{\'e}nez, Juan C and Carbonell, Felix},
  journal={Applied Mathematics and Computation},
  volume={171},
  number={2},
  pages={1282--1295},
  year={2005},
  publisher={Elsevier}
}

@article{moler2003nineteen,
  title={Nineteen dubious ways to compute the exponential of a matrix, twenty-five years later},
  author={Moler, Cleve and Van Loan, Charles},
  journal={SIAM review},
  volume={45},
  number={1},
  pages={3--49},
  year={2003},
  publisher={SIAM}
}

@article{Jimenez02AMC,
  title={Dynamic properties of the local linearization method for initial-value problems},
  author={Jim{\'e}nez, Juan C and Biscay, R and Mora, C and Rodriguez, Luis Manuel},
  journal={Applied Mathematics and Computation},
  volume={126},
  number={1},
  pages={63--81},
  year={2002},
  publisher={Elsevier}
}

@book{golub2013matrix,
  title={Matrix computations},
  author={Golub, Gene H and Van Loan, Charles F},
  year={2013},
  publisher={JHU press}
}

@article{jimenez2012convergence,
  title={Convergence rate of strong Local Linearization schemes for stochastic differential equations with additive noise},
  author={Jimenez, Juan Carlos and de la Cruz Cancino, Hugo},
  journal={BIT Numerical Mathematics},
  volume={52},
  number={2},
  pages={357--382},
  year={2012},
  publisher={Springer}
}

@book{wanner1996solving,
  title={Solving ordinary differential equations II},
  author={Wanner, Gerhard and Hairer, Ernst},
  volume={375},
  year={1996},
  publisher={Springer Berlin Heidelberg New York}
}

@article{hochbruck1997krylov,
  title={On Krylov subspace approximations to the matrix exponential operator},
  author={Hochbruck, Marlis and Lubich, Christian},
  journal={SIAM Journal on Numerical Analysis},
  volume={34},
  number={5},
  pages={1911--1925},
  year={1997},
  publisher={SIAM}
}

@book{saad2003iterative,
  title={Iterative methods for sparse linear systems},
  author={Saad, Yousef},
  year={2003},
  publisher={SIAM}
}

@article{Saad92,
  title={Analysis of some Krylov subspace approximations to the matrix exponential operator},
  author={Saad, Yousef},
  journal={SIAM Journal on Numerical Analysis},
  volume={29},
  number={1},
  pages={209--228},
  year={1992},
  publisher={SIAM}
}

@article{hairer1993solving,
  title={Solving ordinary differential equations, I: Nonstiff problems, Springer Verlag},
  author={Hairer, E and N{\o}rsett, SP and Wanner, G},
  journal={Berlin, Germany [Google Scholar]},
  year={1993}
}

@article{niesen2009krylov,
  title={A Krylov subspace algorithm for evaluating the $\varphi$-functions in exponential integrators},
  author={Niesen, J and Wright, W},
  journal={arXiv preprint arXiv:0907.4631},
  year={2009}
}